<?xml version="1.0" encoding="UTF-8"?><collection xmlns="http://www.loc.gov/MARC21/slim"><record><leader>00507nam--2200181-i-4500</leader><controlfield tag="001">000016496</controlfield><controlfield tag="002">20161230</controlfield><controlfield tag="005">20161230201031</controlfield><controlfield tag="008">060222s1000------------r-----000-0-eng-d</controlfield><datafield ind1=" " ind2=" " tag="020"><subfield code="a">3540579524</subfield></datafield><datafield ind1=" " ind2=" " tag="040"><subfield code="a">IFIN-HH</subfield></datafield><datafield ind1=" " ind2=" " tag="080"><subfield code="a">530.1:113.119</subfield></datafield><datafield ind1="1" ind2=" " tag="100"><subfield code="a">Brody, Thomas</subfield></datafield><datafield ind1="1" ind2="0" tag="245"><subfield code="a">The philosophy behind physics</subfield><subfield code="b">Edited by: luis de la pena and peter e.hodgson</subfield><subfield code="c">Thomas brody</subfield></datafield><datafield ind1=" " ind2=" " tag="260"><subfield code="a">Berlin</subfield><subfield code="b">Springer-verlag</subfield><subfield code="c">1995</subfield></datafield><datafield ind1=" " ind2=" " tag="300"><subfield code="a">X + 355 P</subfield></datafield><datafield ind1=" " ind2=" " tag="852"><subfield code="a">80380</subfield><subfield code="c">53.01</subfield></datafield><datafield ind1=" " ind2=" " tag="CAT"><subfield code="a">Sys</subfield><subfield code="c">20110316</subfield><subfield code="h">153306</subfield></datafield></record></collection>